<record><leader>00000cas a22000007a 4500</leader><controlfield tag="001">17235009</controlfield><controlfield tag="008">871214c19439999ohudn ne      0    0eng d</controlfield><datafield ind1=" " ind2=" " tag="010"><subfield code="a">sn 87075262 </subfield></datafield><datafield ind1=" " ind2=" " tag="040"><subfield code="a">ONP</subfield><subfield code="b">eng</subfield><subfield code="c">ONP</subfield><subfield code="d">OCLCQ</subfield></datafield><datafield ind1=" " ind2=" " tag="042"><subfield code="a">msc</subfield></datafield><datafield ind1="0" ind2=" " tag="130"><subfield code="a">Times-leader (Martins Ferry, Ohio)</subfield></datafield><datafield ind1="1" ind2="4" tag="245"><subfield code="a">The Times-leader.</subfield></datafield><datafield ind1=" " ind2=" " tag="260"><subfield code="a">Martins Ferry, Ohio :</subfield><subfield code="b">[S.n],</subfield><subfield code="c">1943-</subfield></datafield><datafield ind1=" " ind2=" " tag="310"><subfield code="a">Daily (except Sat.),</subfield><subfield code="b">Sept. 24, 1979-</subfield></datafield><datafield ind1=" " ind2=" " tag="321"><subfield code="a">Daily (except Sun.),</subfield><subfield code="b">Apr. 7, 1943-Sept. 22, 1979</subfield></datafield><datafield ind1="0" ind2=" " tag="362"><subfield code="a">Apr. 7, 1943-</subfield></datafield><datafield ind1=" " ind2=" " tag="580"><subfield code="a">Absorbed: St. Clairsville gazette-chronicle, July 1983.</subfield></datafield><datafield ind1=" " ind2=" " tag="752"><subfield code="a">United States</subfield><subfield code="b">Ohio</subfield><subfield code="c">Belmont</subfield><subfield code="d">Martins Ferry.</subfield></datafield><datafield ind1="0" ind2="0" tag="780"><subfield code="t">Daily times and the daily leader</subfield><subfield code="w">(DLC)sn 87075264</subfield></datafield><datafield ind1="1" ind2="5" tag="780"><subfield code="t">St. Clairsville gazette-chronicle</subfield><subfield code="w">(DLC)sn8780075267</subfield></datafield></record>